%% This BibTeX bibliography file was created using BibDesk.
%% http://bibdesk.sourceforge.net/


%% Created for MÃ¥ns Magnusson at 2015-10-01 21:24:34 +0200 


%% Saved with string encoding Unicode (UTF-8) 



@book{baron2013probability,
	Author = {Baron, Michael},
	Date-Added = {2015-10-01 19:24:19 +0000},
	Date-Modified = {2015-10-01 19:24:19 +0000},
	Publisher = {CRC Press},
	Title = {Probability and statistics for computer scientists},
	Year = {2013}}
